@inproceedings{lezzi2012enabling,
  title={Enabling e-Science applications on the Cloud with COMPSs},
  author={Lezzi, Daniele and Rafanell, Roger and Carri{\'o}n, Abel and Espert, Ignacio Blanquer and Hern{\'a}ndez, Vicente and Badia, Rosa M},
  booktitle={Euro-Par 2011: Parallel Processing Workshops},
  pages={25--34},
  year={2012},
  organization={Springer}
}
