
@misc{center_for_history_and_new_media_zotero_????,
	title = {Zotero {Quick} {Start} {Guide}},
	url = {http://zotero.org/support/quick_start_guide},
	author = {{Center for History and New Media}},
	annote = {Welcome to Zotero!View the Quick Start Guide to learn how to begin collecting, managing, citing, and sharing your research sources.Thanks for installing Zotero.}
}

@misc{vanderplas_why_2014,
	title = {Why {Python} is {Slow}: {Looking} {Under} the {Hood}},
	url = {https://jakevdp.github.io/blog/2014/05/09/why-python-is-slow/},
	language = {English},
	urldate = {2015-09-22},
	journal = {Pythonic Perambulations},
	author = {Vanderplas, Jake},
	month = may,
	year = {2014},
	file = {Why Python is Slow\: Looking Under the Hood:/home/palvarez/.mozilla/firefox/kylyrf4r.default/zotero/storage/KE7BHHDF/why-python-is-slow.html:text/html}
}